@BOOK{BOOK:GA ,
AUTHOR="A. E. Eiben, James E. Smith",
TITLE="Introduction to Evolutionary Computing",
PUBLISHER="Mairdumont Gmbh \& Co. Kg",
YEAR="2003",
}

@inproceedings{PAPER:GENJAM,
author = {Biles, John},
title = {GenJam: A Genetic Algorithm for Generating Jazz Solos},
year = {1994},
month = {07},
pages = {}
}

@mastersthesis{PAPER:GUPEA,
  author       = "Anderling, Viktor. and Andreasson, Olle. and Olsson, Christoffer. and Pavlov, Sean. and  Svensson, Christian. and Wikner, Johannes ", 
  title        = {Generation of music through genetic algorithms},
  school       = {Chalmers University of Technology University of Gothenburg Department of Computer Science and Engineering},
  year         = 2014,
  address      = {Gothenburg, Sweden},
  month        = 6,
}

@inproceedings{PAPER:MAGMA,
  title={Artificial intelligence approaches to music composition},
  author={Adil Haleem Khan},
  address = {Northern Kentucky University, Highland Heights, KY 41099},
  year={2013},
  
}

@article{PAPER:DRAGAN,
author = {MatiÄ‡, Dragan},
year = {2010},
month = {01},
pages = {},
title = {A genetic algorithm for composing music},
volume = {20},
address = {Faculty of Natural Sciences, University of Banjaluka, Bosnia and Herzegovina},
journal = {Yugoslav Journal of Operations Research},
doi = {10.2298/YJOR1001157M}
}

